<record><leader>00000cas a2200000 a 4500</leader><controlfield tag="001">6999123</controlfield><controlfield tag="008">801204c19239999vaubr ne      0   a0eng d</controlfield><datafield ind1=" " ind2=" " tag="010"><subfield code="a">sn 80003233 </subfield></datafield><datafield ind1=" " ind2=" " tag="040"><subfield code="a">NSD</subfield><subfield code="b">eng</subfield><subfield code="c">NSD</subfield><subfield code="d">NSD</subfield><subfield code="d">OCL</subfield><subfield code="d">NVK</subfield><subfield code="d">OCLCQ</subfield><subfield code="d">OCLCO</subfield></datafield><datafield ind1=" " ind2=" " tag="012"><subfield code="k">1</subfield><subfield code="m">d</subfield></datafield><datafield ind1="1" ind2=" " tag="022"><subfield code="a">0273-8821</subfield><subfield code="l">0273-8821</subfield><subfield code="2">1</subfield></datafield><datafield ind1="1" ind2=" " tag="029"><subfield code="a">AU@</subfield><subfield code="b">000020270783</subfield></datafield><datafield ind1=" " ind2=" " tag="042"><subfield code="a">nsdp</subfield></datafield><datafield ind1=" " ind2=" " tag="043"><subfield code="a">n-us-va</subfield></datafield><datafield ind1=" " ind2="4" tag="050"><subfield code="a">LH1.V7</subfield><subfield code="b">T4</subfield></datafield><datafield ind1=" " ind2="0" tag="222"><subfield code="a">Techgram</subfield></datafield><datafield ind1="0" ind2="0" tag="245"><subfield code="a">Techgram.</subfield></datafield><datafield ind1=" " ind2=" " tag="260"><subfield code="a">Blacksburg, Va. :</subfield><subfield code="b">Virginia Polytechnic Institute and State University,</subfield><subfield code="c">1923-</subfield></datafield><datafield ind1=" " ind2=" " tag="310"><subfield code="a">Bimonthly</subfield><subfield code="b">&lt;, Mar./Apr. 1982&gt;</subfield></datafield><datafield ind1=" " ind2=" " tag="321"><subfield code="a">7 issues a yr.</subfield></datafield><datafield ind1="0" ind2=" " tag="362"><subfield code="a">Vol. 1, no. 1 (Jan. 1, 1923)-</subfield></datafield><datafield ind1="2" ind2="0" tag="610"><subfield code="a">Virginia Polytechnic Institute and State University</subfield><subfield code="v">Newspapers.</subfield></datafield><datafield ind1=" " ind2="0" tag="650"><subfield code="a">Student publications</subfield><subfield code="z">Virginia</subfield><subfield code="z">Backsburg</subfield><subfield code="v">Newspapers.</subfield></datafield><datafield ind1=" " ind2="0" tag="651"><subfield code="a">Blacksburg (Va.)</subfield><subfield code="v">Newspapers.</subfield></datafield><datafield ind1="2" ind2=" " tag="710"><subfield code="a">Virginia Polytechnic Institute and State University.</subfield></datafield><datafield ind1=" " ind2=" " tag="752"><subfield code="a">United States</subfield><subfield code="b">Virginia</subfield><subfield code="c">Montgomery</subfield><subfield code="d">Blacksburg.</subfield></datafield><datafield ind1=" " ind2=" " tag="936"><subfield code="a">Mar./Apr. 1982</subfield></datafield></record>